<record><leader>00000cas a2200000 a 4500</leader><controlfield tag="001">7711960</controlfield><controlfield tag="008">810828d18621863mauwr ne      0   a0eng d</controlfield><datafield ind1=" " ind2=" " tag="010"><subfield code="a">sn 92064207 </subfield></datafield><datafield ind1=" " ind2=" " tag="040"><subfield code="a">BTI</subfield><subfield code="b">eng</subfield><subfield code="c">BTI</subfield><subfield code="d">RHN</subfield><subfield code="d">CNK</subfield><subfield code="d">MGN</subfield><subfield code="d">OCL</subfield><subfield code="d">OCLCQ</subfield><subfield code="d">OCLCF</subfield><subfield code="d">OCLCO</subfield><subfield code="d">DLC</subfield></datafield><datafield ind1=" " ind2=" " tag="042"><subfield code="a">msc</subfield></datafield><datafield ind1=" " ind2="4" tag="050"><subfield code="a">BX9901</subfield></datafield><datafield ind1="0" ind2="0" tag="245"><subfield code="a">Trumpet and Christian freeman.</subfield></datafield><datafield ind1="1" ind2="3" tag="246"><subfield code="a">Trumpet and freeman</subfield></datafield><datafield ind1=" " ind2=" " tag="260"><subfield code="a">Boston, Mass. :</subfield><subfield code="b">J.M. Usher and G.W. Quinby,</subfield><subfield code="c">[1862-1863]</subfield></datafield><datafield ind1=" " ind2=" " tag="300"><subfield code="a">1 v. ;</subfield><subfield code="c">69 cm.</subfield></datafield><datafield ind1="0" ind2=" " tag="362"><subfield code="a">Vol. 1, no. 1 (Apr. 26, 1862)-v. 1, no. 37 (Jan. 3, 1863).</subfield></datafield><datafield ind1=" " ind2=" " tag="500"><subfield code="a">Title from caption.</subfield></datafield><datafield ind1=" " ind2=" " tag="515"><subfield code="a">Also carries numbering of previous titles.</subfield></datafield><datafield ind1=" " ind2=" " tag="580"><subfield code="a">Formed by the union of: Trumpet and Universalist magazine (Boston, Mass. : 1842), and: Christian freeman and family visiter.</subfield></datafield><datafield ind1=" " ind2="0" tag="650"><subfield code="a">Universalism</subfield><subfield code="v">Periodicals.</subfield></datafield><datafield ind1=" " ind2="7" tag="650"><subfield code="a">Universalism.</subfield><subfield code="2">fast</subfield><subfield code="0">(OCoLC)fst01161574</subfield></datafield><datafield ind1=" " ind2="7" tag="655"><subfield code="a">Periodicals.</subfield><subfield code="2">fast</subfield><subfield code="0">(OCoLC)fst01411641</subfield></datafield><datafield ind1=" " ind2=" " tag="752"><subfield code="a">United States</subfield><subfield code="b">Massachusetts</subfield><subfield code="c">Suffolk</subfield><subfield code="d">Boston.</subfield></datafield><datafield ind1="1" ind2="4" tag="780"><subfield code="t">Trumpet and Universalist magazine (Boston, Mass. : 1842)</subfield><subfield code="x">2574-5999</subfield><subfield code="w">(DLC)sn 91063951</subfield><subfield code="w">(OCoLC)7711930</subfield></datafield><datafield ind1="1" ind2="4" tag="780"><subfield code="t">Christian freeman and family visiter</subfield><subfield code="w">(DLC)sn 94051000</subfield><subfield code="w">(OCoLC)7729338</subfield></datafield><datafield ind1="0" ind2="0" tag="785"><subfield code="t">Trumpet and freeman</subfield><subfield code="w">(DLC)sn 96094917</subfield><subfield code="w">(OCoLC)7711970</subfield></datafield><datafield ind1=" " ind2=" " tag="936"><subfield code="a">Jan. 3, 1863</subfield></datafield></record>